<collection xmlns="http://www.loc.gov/MARC21/slim">
<record>
  <leader>01598nam0a2200253 i 450 </leader>
  <controlfield tag="001">IT\ICCU\CNCE\071944</controlfield>
  <controlfield tag="005">20160505000000.0</controlfield>
  <datafield tag="012" ind1=" " ind2=" ">
    <subfield code="a">loio tor- o.he cide (3) 1551 (R)</subfield>
    <subfield code="2">fei</subfield>
  </datafield>
  <datafield tag="100" ind1=" " ind2=" ">
    <subfield code="a">20071030d1551        0itac0103    ba</subfield>
  </datafield>
  <datafield tag="101" ind1=" " ind2=" ">
    <subfield code="a">ITA</subfield>
  </datafield>
  <datafield tag="102" ind1=" " ind2=" ">
    <subfield code="a">CH</subfield>
  </datafield>
  <datafield tag="200" ind1="1" ind2=" ">
    <subfield code="a">Trattato dell&apos;vnica, et perfetta satisfattione di Christo, nel quali si dichiara, &amp; manifestamente per la parola di Dio si pruoua, che sol Christo la satisfatto per gli peccati del mondo, ne quanto  ̉Dio c ̈altra satisfattione che la sua, o sia per la colpa, o sia per la pena, composto per m. Agostino Mainardo piamontese</subfield>
  </datafield>
  <datafield tag="210" ind1=" " ind2=" ">
    <subfield code="d">1551</subfield>
  </datafield>
  <datafield tag="215" ind1=" " ind2=" ">
    <subfield code="a">270, \2! p.</subfield>
    <subfield code="d">8ʻ</subfield>
  </datafield>
  <datafield tag="300" ind1=" " ind2=" ">
    <subfield code="a">Stampato a Zurigo da Andreas Gessner il giovane e da Rudolf Wyssenbach; per il tipografo cfr.: Verzeichnis der im deutschen Sprachbereick erschienenen Drucke des XVI. Jahrhunderts. Cfr.: &lt;A HREF=&quot;http://gateway-bayern.de/VD16+M+247&quot; TARGET = &quot;_blank&quot;&gt;VD16 M 247&lt;/A&gt;</subfield>
  </datafield>
  <datafield tag="620" ind1=" " ind2=" ">
    <subfield code="a">CH</subfield>
    <subfield code="d">Zurigo</subfield>
  </datafield>
  <datafield tag="700" ind1=" " ind2="1">
    <subfield code="a">Mainardi,</subfield>
    <subfield code="b">Agostino</subfield>
    <subfield code="3">IT\ICCU\CNCA\028691</subfield>
  </datafield>
  <datafield tag="712" ind1="0" ind2="0">
    <subfield code="a">Gessner, Andreas &lt;2.&gt; &amp; Wyssenbach, Rudolf</subfield>
    <subfield code="3">IT\ICCU\CNCT\006163</subfield>
    <subfield code="4">650</subfield>
  </datafield>
  <datafield tag="790" ind1=" " ind2="0">
    <subfield code="a">Antonio</subfield>
    <subfield code="c"> : di#Adamo</subfield>
    <subfield code="3">IT\ICCU\CNCA\028693</subfield>
    <subfield code="z">Mainardi, Agostino</subfield>
  </datafield>
  <datafield tag="791" ind1="0" ind2="0">
    <subfield code="a">Wissenbach, Rudolf</subfield>
    <subfield code="3">IT\ICCU\CNCT\006164</subfield>
    <subfield code="z">Gessner, Andreas &lt;2.&gt; &amp; Wyssenbach, Rudolf</subfield>
  </datafield>
  <datafield tag="791" ind1="0" ind2="0">
    <subfield code="a">Gesner, Andreas &amp; Wissenbach, Rudolf</subfield>
    <subfield code="3">IT\ICCU\CNCT\006169</subfield>
    <subfield code="z">Gessner, Andreas &lt;2.&gt; &amp; Wyssenbach, Rudolf</subfield>
  </datafield>
  <datafield tag="791" ind1="0" ind2="0">
    <subfield code="a">Gesner, Andreas &amp; Weissenbach, Rodolph</subfield>
    <subfield code="3">IT\ICCU\CNCT\006170</subfield>
    <subfield code="z">Gessner, Andreas &lt;2.&gt; &amp; Wyssenbach, Rudolf</subfield>
  </datafield>
  <datafield tag="801" ind1=" " ind2="3">
    <subfield code="a">IT</subfield>
    <subfield code="b">ICCU</subfield>
    <subfield code="c">20201115</subfield>
  </datafield>
  <datafield tag="899" ind1=" " ind2=" ">
    <subfield code="a">Biblioteca nazionale centrale. Firenze</subfield>
    <subfield code="1">FI0098</subfield>
    <subfield code="2">CFI CF</subfield>
  </datafield>
</record>
</collection>
